{"sym":"XZECXXBT", "T":"Trade",  "P":0.01947, "Q":0.1, "TS":1538409720.3813, "side": "s", "TS2":1538409725339216503}
{"sym":"XETHZUSD", "T":"Trade",  "P":226.85, "Q":0.02, "TS":1538409733.3449, "side": "b", "TS2":1538409738828589281}
{"sym":"XETHZUSD", "T":"Trade",  "P":226.85, "Q":4.98, "TS":1538409733.3502, "side": "b", "TS2":1538409738828643608}
{"sym":"XXBTZUSD", "T":"Trade",  "P":6538.8, "Q":1, "TS":1538409739.0962, "side": "s", "TS2":1538409748332169137}
{"sym":"XXBTZUSD", "T":"Trade",  "P":6538.2, "Q":0.498558, "TS":1538409739.1111, "side": "s", "TS2":1538409748332223252}
{"sym":"XXBTZUSD", "T":"Trade",  "P":6537.9, "Q":3.058, "TS":1538409739.1144, "side": "s", "TS2":1538409748332270624}
{"sym":"XXBTZUSD", "T":"Trade",  "P":6537.7, "Q":0.443441, "TS":1538409739.1173, "side": "s", "TS2":1538409748332315018}
{"sym":"XXBTZUSD", "T":"Trade",  "P":6537.7, "Q":4.2e-07, "TS":1538409739.1207, "side": "s", "TS2":1538409748332359262}
{"sym":"XXLMXXBT", "T":"Trade",  "P":3.939e-05, "Q":750, "TS":1538409744.8845, "side": "b", "TS2":1538409749939606858}
{"sym":"ADAEUR", "T":"Trade",  "P":0.07207, "Q":44, "TS":1538409736.0906, "side": "b", "TS2":1538409757094032581}
{"sym":"XETHZUSD", "T":"Trade",  "P":226.61, "Q":2.15891, "TS":1538409749.4185, "side": "s", "TS2":1538409764598722826}
{"sym":"XXBTZUSD", "T":"Trade",  "P":6537.7, "Q":0.556558, "TS":1538409749.2599, "side": "s", "TS2":1538409768683688185}
{"sym":"XXBTZUSD", "T":"Trade",  "P":6537.6, "Q":3.057, "TS":1538409749.2705, "side": "s", "TS2":1538409768683741023}
{"sym":"XXBTZUSD", "T":"Trade",  "P":6537.4, "Q":1.38644, "TS":1538409749.2755, "side": "s", "TS2":1538409768683788091}
{"sym":"XXBTZUSD", "T":"Trade",  "P":6537.4, "Q":4.2e-07, "TS":1538409749.2809, "side": "s", "TS2":1538409768683832846}
{"sym":"XXRPXXBT", "T":"Trade",  "P":8.437e-05, "Q":2000, "TS":1538409757.6024, "side": "b", "TS2":1538409771786622466}
{"sym":"XETHZUSD", "T":"Trade",  "P":226.84, "Q":5, "TS":1538409764.7683, "side": "b", "TS2":1538409785780675347}
{"sym":"XETHZUSD", "T":"Trade",  "P":226.84, "Q":20, "TS":1538409764.7899, "side": "b", "TS2":1538409785780728726}
{"sym":"XXMRXXBT", "T":"Trade",  "P":0.017468, "Q":0.1, "TS":1538409785.4071, "side": "b", "TS2":1538409793526889926}
{"sym":"XETHZUSD", "T":"Trade",  "P":226.83, "Q":0.5, "TS":1538409797.8828, "side": "b", "TS2":1538409808598307598}
{"sym":"XETHZUSD", "T":"Trade",  "P":226.57, "Q":0.11, "TS":1538409800.4251, "side": "s", "TS2":1538409808598360909}
{"sym":"XETHZUSD", "T":"Trade",  "P":226.55, "Q":5, "TS":1538409804.2248, "side": "s", "TS2":1538409808598408098}
{"sym":"XETHZUSD", "T":"Trade",  "P":226.55, "Q":5, "TS":1538409804.2298, "side": "s", "TS2":1538409808598452113}
{"sym":"XETHZUSD", "T":"Trade",  "P":226.53, "Q":0.2, "TS":1538409804.2331, "side": "s", "TS2":1538409808598495417}
{"sym":"XETHZUSD", "T":"Trade",  "P":226.52, "Q":5, "TS":1538409804.2359, "side": "s", "TS2":1538409808598539250}
{"sym":"XETHZUSD", "T":"Trade",  "P":226.52, "Q":5, "TS":1538409804.2385, "side": "s", "TS2":1538409808598582611}
{"sym":"XETHZUSD", "T":"Trade",  "P":226.47, "Q":3, "TS":1538409804.2422, "side": "s", "TS2":1538409808598625557}
{"sym":"XETHZUSD", "T":"Trade",  "P":226.46, "Q":0.024, "TS":1538409804.2455, "side": "s", "TS2":1538409808598669482}
{"sym":"XETHZUSD", "T":"Trade",  "P":226.3, "Q":26.776, "TS":1538409804.2488, "side": "s", "TS2":1538409808598713853}
{"sym":"XXBTZUSD", "T":"Trade",  "P":6538.2, "Q":0.025, "TS":1538409792.3911, "side": "b", "TS2":1538409812609091281}